<mx:record xmlns="http://www.w3.org/TR/xhtml1/strict" xmlns:mx="http://www.loc.gov/MARC21/slim" xmlns:xsi="http://www.w3.org/2001/XMLSchema-instance"><mx:leader>00000nz   2200000n  0000</mx:leader><mx:controlfield tag="001">oca06044973 </mx:controlfield><mx:controlfield tag="005">20030509052622.0</mx:controlfield><mx:controlfield tag="008">030508n| acannaabn          |a aaa     c</mx:controlfield><mx:datafield ind1=" " ind2=" " tag="010"><mx:subfield code="a">no2003046116</mx:subfield></mx:datafield><mx:datafield ind1=" " ind2=" " tag="040"><mx:subfield code="a">ICU</mx:subfield><mx:subfield code="b">eng</mx:subfield><mx:subfield code="c">ICU</mx:subfield></mx:datafield><mx:datafield ind1="0" ind2=" " tag="100"><mx:subfield code="a">Ptolemy</mx:subfield><mx:subfield code="b">IV Philopator,</mx:subfield><mx:subfield code="c">King of Egypt,</mx:subfield><mx:subfield code="d">ca. 238 B.C.-ca. 205 B.C.</mx:subfield></mx:datafield><mx:datafield ind1="0" ind2=" " tag="400"><mx:subfield code="a">Ptolemaios</mx:subfield><mx:subfield code="b">IV Philopator,</mx:subfield><mx:subfield code="c">King of Egypt,</mx:subfield><mx:subfield code="d">ca. 238 B.C.-ca. 205 B.C.</mx:subfield></mx:datafield><mx:datafield ind1=" " ind2=" " tag="670"><mx:subfield code="a">Eine postume Statuette Ptolemaios&amp;#039; IV. und ihr historischer Kontext, 2002:</mx:subfield><mx:subfield code="b">t.p.</mx:subfield></mx:datafield><mx:datafield ind1=" " ind2=" " tag="670"><mx:subfield code="a">Encyc. Brit.</mx:subfield><mx:subfield code="b">(Ptolemy IV Philopator, c. 238-c. 205; son of Ptolemy III Euergetes I and Berenice of Cyrenaica)</mx:subfield></mx:datafield></mx:record>